@Misc{Mathematica:DerivativesExpert,
  author = 	 {},
  title = 	 {\emph{Derivatives Expert IV}},
  howpublished = {Wolfram's Website},
  url =  {https://www.wolfram.com/products/applications/derivatives/},
  note = 	 {Accessed 08/10/2013},
}
@MISC{Ame2003, 
  author =       "Ferdinando Ametrano and Luigi Ballabio", 
  title =        "QuantLib - a free/open-source library for quantitative finance written in C++", 
  year =         "2003", 
  URL =         "http://quantlib.org/", 
} 
@MISC{Pjes2000, 
  author =       "Simon Peyton Jones, Jean-Marc Eber, Julian Seward", 
  title =        "Composing contracts: an adventure in financial engineering ", 
  year =         "2000", 
  URL =         "http://research.microsoft.com/en-us/um/people/simonpj/Papers/financial-contracts/contracts-icfp.htm", 
} 
@MISC{Haskell, 
  author =       "haskell.org", 
  title =        "The Haskell Programming Language",
  URL =         "http://www.haskell.org", 
} 
@MISC{QuickCheck, 
  author =       "haskell.org", 
  title =        "Introduction to QuickCheck1",
  URL =         "http://www.haskell.org/haskellwiki/Introduction_to_QuickCheck", 
} 

